@ARTICLE{Acke_van_den_Ancker04,
  author =   {{Acke}, B. and {van den Ancker}, M.~E.},
  title =    "{ISO spectroscopy of disks around Herbig Ae/Be
                  stars}",
  journal =  {\aap},
  eprint =   {arXiv:astro-ph/0406050},
  keywords =     {stars: circumstellar matter, stars: pre-main
                  sequence, stars: planetary systems: protoplanetary
                  disks},
  year =     2004,
  month =    oct,
  volume =   426,
  pages =    {151-170},
  doi =      {10.1051/0004-6361:20040400},
  adsurl =   {http://adsabs.harvard.edu/abs/2004A%26A...426..151A},
  adsnote =  {Provided by the SAO/NASA Astrophysics Data System}
}

@ARTICLE{Acke_etal04,
  author =   {{Acke}, B. and {van den Ancker}, M.~E. and
                  {Dullemond}, C.~P. and {van Boekel}, R. and
                  {Waters}, L.~B.~F.~M.},
  title =    "{Correlation between grain growth and disk geometry
                  in Herbig Ae/Be systems}",
  journal =  {\aap},
  eprint =   {arXiv:astro-ph/0404553},
  keywords =     {stars: circumstellar matter, stars: planetary
                  systems: protoplanetary disks, stars:
                  pre-main-sequence},
  year =     2004,
  month =    aug,
  volume =   422,
  pages =    {621-626},
  doi =      {10.1051/0004-6361:20040197},
  adsurl =   {http://adsabs.harvard.edu/abs/2004A%26A...422..621A},
  adsnote =  {Provided by the SAO/NASA Astrophysics Data System}
}


@ARTICLE{Aikawa_Nomura06,
  author =   {{Aikawa}, Y. and {Nomura}, H.},
  title =    "{Physical and Chemical Structure of Protoplanetary
                  Disks with Grain Growth}",
  journal =  {\apj},
  eprint =   {arXiv:astro-ph/0601230},
  keywords =     {ISM: Molecules, Stars: Planetary Systems:
                  Protoplanetary Disks, Stars: Pre-Main-Sequence},
  year =     2006,
  month =    may,
  volume =   642,
  pages =    {1152-1162},
  doi =      {10.1086/501114},
  adsurl =   {http://adsabs.harvard.edu/abs/2006ApJ...642.1152A},
  adsnote =  {Provided by the SAO/NASA Astrophysics Data System}
}

@ARTICLE{Anders_Grevesse89,
  author =   {{Anders}, E. and {Grevesse}, N.},
  title =    "{Abundances of the elements - Meteoritic and solar}",
  journal =  {\gca},
  keywords =     {ABUNDANCE, CHEMICAL ANALYSIS, CHONDRITES, METEORITIC
                  COMPOSITION, PHOTOSPHERE, SOLAR CORONA, ENERGETIC
                  PARTICLES, ISOTOPES, SOLAR WIND, METEORITES,
                  ABUNDANCE, SAMPLES, METEORITE, CI CHONDRITES, SUN,
                  CORONA, PHOTOSPHERE, REVIEW, ELEMENTS,
                  FRACTIONATION, SOLAR SYSTEM, NUCLIDES, SOLAR WIND,
                  CHARGED PARTICLES, RARE GASES, REFRACTORY ELEMENTS,
                  COMETS, SIDEROPHILES, VOLATILES, NUCLEOSYNTHESIS,
                  HALLEY, COMPARISONS},
  year =     1989,
  month =    jan,
  volume =   53,
  pages =    {197-214},
  doi =      {10.1016/0016-7037(89)90286-X},
  adsurl =   {http://adsabs.harvard.edu/abs/1989GeCoA..53..197A},
  adsnote =  {Provided by the SAO/NASA Astrophysics Data System}
}

@ARTICLE{Bai+Goodman2009,
   author = {{Bai}, X.-N. and {Goodman}, J.},
    title = "{Heat and Dust in Active Layers of Protostellar Disks}",
  journal = {\apj},
archivePrefix = "arXiv",
   eprint = {0904.1240},
 primaryClass = "astro-ph.SR",
 keywords = {accretion, accretion disks, magnetic fields, molecular processes, stars: pre-main sequence},
     year = 2009,
    month = aug,
   volume = 701,
    pages = {737-755},
      doi = {10.1088/0004-637X/701/1/737},
   adsurl = {http://adsabs.harvard.edu/abs/2009ApJ...701..737B},
  adsnote = {Provided by the SAO/NASA Astrophysics Data System}
}

@ARTICLE{BH91,
  author =   {{Balbus}, S.~A. and {Hawley}, J.~F.},
  title =    "{A powerful local shear instability in weakly
                  magnetized disks. I - Linear analysis. II -
                  Nonlinear evolution}",
  journal =  {\apj},
  keywords =     {ACCRETION DISKS, MAGNETOHYDRODYNAMIC STABILITY,
                  STELLAR MAGNETIC FIELDS, STELLAR MASS ACCRETION,
                  BOUSSINESQ APPROXIMATION, COMPUTATIONAL
                  ASTROPHYSICS, LINEAR SYSTEMS},
  year =     1991,
  month =    jul,
  volume =   376,
  pages =    {214-233},
  doi =      {10.1086/170270},
  adsurl =   {http://adsabs.harvard.edu/abs/1991ApJ...376..214B},
  adsnote =  {Provided by the SAO/NASA Astrophysics Data System}
}

@ARTICLE{HB91,
  author =   {{Hawley}, J.~F. and {Balbus}, S.~A.},
  title =    "{A Powerful Local Shear Instability in Weakly
                  Magnetized Disks. II. Nonlinear Evolution}",
  journal =  {\apj},
  keywords =     {HYDROMAGNETICS, INSTABILITIES, STARS: ACCRETION},
  year =     1991,
  month =    jul,
  volume =   376,
  pages =    {223-+},
  doi =      {10.1086/170271},
  adsurl =   {http://adsabs.harvard.edu/abs/1991ApJ...376..223H},
  adsnote =  {Provided by the SAO/NASA Astrophysics Data System}
}

@ARTICLE{BH98,
   author = {{Balbus}, S.~A. and {Hawley}, J.~F.},
    title = "{Instability, turbulence, and enhanced transport in accretion disks}",
  journal = {Reviews of Modern Physics},
     year = 1998,
    month = jan,
   volume = 70,
    pages = {1-53},
      doi = {10.1103/RevModPhys.70.1},
   adsurl = {http://adsabs.harvard.edu/abs/1998RvMP...70....1B},
  adsnote = {Provided by the SAO/NASA Astrophysics Data System}
}

@ARTICLE{Barber_etal06,
  author =   {{Barber}, R.~J. and {Tennyson}, J. and {Harris},
                  G.~J. and {Tolchenov}, R.~N. },
  title =    "{A high-accuracy computed water line list}",
  journal =  {\mnras},
  eprint =   {arXiv:astro-ph/0601236},
  keywords =     {line: identification: molecular data: radiation
                  mechanisms: general: comets: general: stars:
                  low-mass, brown dwarfs: infrared: general },
  year =     2006,
  month =    may,
  volume =   368,
  pages =    {1087-1094},
  note =     {(BT)},
  doi =      {10.1111/j.1365-2966.2006.10184.x},
  adsurl =   {http://adsabs.harvard.edu/abs/2006MNRAS.368.1087B},
  adsnote =  {Provided by the SAO/NASA Astrophysics Data System}
}

@ARTICLE{Beckwith_etal90,
  author =   {{Beckwith}, S.~V.~W. and {Sargent}, A.~I. and
                  {Chini}, R.~S. and {Guesten}, R.},
  title =    "{A survey for circumstellar disks around young
                  stellar objects}",
  journal =  {\aj},
  keywords =     {MOLECULAR CLOUDS, PRE-MAIN SEQUENCE STARS, SKY
                  SURVEYS (ASTRONOMY), STELLAR ENVELOPES, T TAURI
                  STARS, AURIGA CONSTELLATION, COMPUTATIONAL
                  ASTROPHYSICS, EMISSION SPECTRA, H ALPHA LINE, MILKY
                  WAY GALAXY, STELLAR EVOLUTION, TAURUS CONSTELLATION},
  year =     1990,
  month =    mar,
  volume =   99,
  pages =    {924-945},
  doi =      {10.1086/115385},
  adsurl =   {http://adsabs.harvard.edu/abs/1990AJ.....99..924B},
  adsnote =  {Provided by the SAO/NASA Astrophysics Data System}
}

@ARTICLE{Blaes_Balbus94,
  author =   {{Blaes}, O.~M. and {Balbus}, S.~A.},
  title =    "{Local shear instabilities in weakly ionized, weakly
                  magnetized disks}",
  journal =  {\apj},
  keywords =     {ACCRETION DISKS, GALAXIES, IONIZED GASES, MAGNETIC
                  FIELDS, MAGNETOHYDRODYNAMIC FLOW, PLASMAS (PHYSICS),
                  SHEAR PROPERTIES, ASTROPHYSICS, IONIZATION, IONS,
                  RECOMBINATION REACTIONS, STABILITY, TWO FLUID
                  MODELS},
  year =     1994,
  month =    jan,
  volume =   421,
  pages =    {163-177},
  doi =      {10.1086/173634},
  adsurl =   {http://adsabs.harvard.edu/abs/1994ApJ...421..163B},
  adsnote =  {Provided by the SAO/NASA Astrophysics Data System}
}

@Article{Blandford_Payne82,
  author =   {{Blandford}, R.~D. and {Payne}, D.~G.},
  title =    {Hydromagnetic flows from accretion discs and the
                  production of radio jets},
  journal =  {\mnras},
  year =     1982,
  month =    jun,
  volume =   199,
  pages =    {883--903},
}

@ARTICLE{Bouwman_etal08,
  author =   {{Bouwman}, J. and {Henning}, T. and {Hillenbrand},
                  L.~A. and {Meyer}, M.~R. and {Pascucci}, I. and
                  {Carpenter}, J. and {Hines}, D. and {Kim}, J.~S. and
                  {Silverstone}, M.~D. and {Hollenbach}, D. and
                  {Wolf}, S.},
  title =    "{The Formation and Evolution of Planetary Systems:
                  Grain Growth and Chemical Processing of Dust in T
                  Tauri Systems}",
  journal =  {\apj},
  archivePrefix ="arXiv",
  eprint =   {0802.3033},
  keywords =     {Stars: Circumstellar Matter, Stars: Planetary
                  Systems, Stars: Pre-Main-Sequence},
  year =     2008,
  month =    aug,
  volume =   683,
  pages =    {479-498},
  doi =      {10.1086/587793},
  adsurl =   {http://adsabs.harvard.edu/abs/2008ApJ...683..479B},
  adsnote =  {Provided by the SAO/NASA Astrophysics Data System}
}

@ARTICLE{Brauer_etal08,
  author =   {{Brauer}, F. and {Dullemond}, C.~P. and {Henning},
                  T.},
  title =    "{Coagulation, fragmentation and radial motion of
                  solid particles in protoplanetary disks}",
  journal =  {\aap},
  archivePrefix ="arXiv",
  eprint =   {0711.2192},
  keywords =     {accretion, accretion disks, circumstellar matter,
                  stars: formation, stars: pre-main-sequence,
                  infrared: stars, planetary systems: protoplanetary
                  disks},
  year =     2008,
  month =    mar,
  volume =   480,
  pages =    {859-877},
  doi =      {10.1051/0004-6361:20077759},
  adsurl =   {http://adsabs.harvard.edu/abs/2008A%26A...480..859B},
  adsnote =  {Provided by the SAO/NASA Astrophysics Data System}
}

@ARTICLE{Calvet+Muzerolle+Briceno+etal2004,
  author =	 {{Calvet}, N. and {Muzerolle}, J. and {Brice{\~n}o}, C. and
                  {Hern{\'a}ndez}, J. and {Hartmann}, L. and {Saucedo}, J.~L. and
                  {Gordon}, K.~D.},
  title =	 "{The Mass Accretion Rates of Intermediate-Mass T Tauri Stars}",
  journal =	 {\aj},
  keywords =	 {Accretion, Accretion Disks, Stars: Circumstellar Matter, Stars:
                  Formation, Stars: Pre-Main-Sequence},
  year =	 2004,
  month =	 sep,
  volume =	 128,
  pages =	 {1294-1318},
  doi =		 {10.1086/422733},
  adsurl =	 {http://adsabs.harvard.edu/abs/2004AJ....128.1294C},
  adsnote =	 {Provided by the SAO/NASA Astrophysics Data System}
}                  
                  
@ARTICLE{Carr_Najita08,
  author =   {{Carr}, J.~S. and {Najita}, J.~R.},
  title =    "{Organic Molecules and Water in the Planet Formation
                  Region of Young Circumstellar Disks}",
  journal =  {Science},
  year =     2008,
  month =    mar,
  volume =   319,
  pages =    {1504-},
  doi =      {10.1126/science.1153807},
  adsurl =   {http://adsabs.harvard.edu/abs/2008Sci...319.1504C},
  adsnote =  {Provided by the SAO/NASA Astrophysics Data System}
}

@ARTICLE{Carkner_etal96,
  author =   {{Carkner}, L. and {Feigelson}, E.~D. and {Koyama},
                  K. and {Montmerle}, T. and {Reid}, I.~N.},
  title =    "{X-Ray-emitting T Tauri Stars in the L1551 Cloud}",
  journal =  {\apj},
  keywords =     {STARS: ACTIVITY, ISM: INDIVIDUAL ALPHANUMERIC:
                  L1551, STARS: PRE-MAIN-SEQUENCE, X-RAYS: STARS},
  year =     1996,
  month =    jun,
  volume =   464,
  pages =    {286-305},
  doi =      {10.1086/177320},
  adsurl =   {http://adsabs.harvard.edu/abs/1996ApJ...464..286C},
  adsnote =  {Provided by the SAO/NASA Astrophysics Data System}
}
                  
@ARTICLE{Casanova_etal95,
  author =   {{Casanova}, S. and {Montmerle}, T. and {Feigelson},
                  E.~D. and {Andre}, P.},
  title =    "{ROSAT X-ray sources embedded in the rho Ophiuchi
                  cloud core}",
  journal =  {\apj},
  keywords =     {INTERSTELLAR MATTER, MOLECULAR CLOUDS, PRE-MAIN
                  SEQUENCE STARS, STAR FORMATION, X RAY STARS,
                  CONTOURS, DATA REDUCTION, INTERSTELLAR EXTINCTION,
                  LUMINOSITY, ROSAT MISSION, STAR DISTRIBUTION, X RAY
                  IMAGERY},
  year =     1995,
  month =    feb,
  volume =   439,
  pages =    {752-770},
  doi =      {10.1086/175214},
  adsurl =   {http://adsabs.harvard.edu/abs/1995ApJ...439..752C},
  adsnote =  {Provided by the SAO/NASA Astrophysics Data System}
}

@ARTICLE{Cazaux_Tielens02,
  author =   {{Cazaux}, S. and {Tielens}, A.~G.~G.~M.},
  title =    "{Molecular Hydrogen Formation in the Interstellar
                  Medium}",
  journal =  {\apjl},
  eprint =   {arXiv:astro-ph/0207035},
  keywords =     {ISM: Dust, Extinction, ISM: Molecules, Molecular
                  Processes},
  year =     2002,
  month =    aug,
  volume =   575,
  pages =    {L29-L32},
  doi =      {10.1086/342607},
  adsurl =   {http://adsabs.harvard.edu/abs/2002ApJ...575L..29C},
  adsnote =  {Provided by the SAO/NASA Astrophysics Data System}
}

@ARTICLE{Cazaux_Tielens04,
  author =   {{Cazaux}, S. and {Tielens}, A.~G.~G.~M.},
  title =    "{H_{2} Formation on Grain Surfaces}",
  journal =  {\apj},
  keywords =     {Astrochemistry, ISM: Dust, Extinction, ISM:
                  Molecules, Molecular Processes},
  year =     2004,
  month =    mar,
  volume =   604,
  pages =    {222-237},
  doi =      {10.1086/381775},
  adsurl =   {http://adsabs.harvard.edu/abs/2004ApJ...604..222C},
  adsnote =  {Provided by the SAO/NASA Astrophysics Data System}
}


@ARTICLE{Chiang+Goldreich1997,
  author =   {{Chiang}, E.~I. and {Goldreich}, P.},
  title =    "{Spectral Energy Distributions of T Tauri Stars with
                  Passive Circumstellar Disks}",
  journal =  {\apj},
  eprint =   {arXiv:astro-ph/9706042},
  keywords =     {ACCRETION, ACCRETION DISKS, STARS: CIRCUMSTELLAR
                  MATTER, INFRARED: STARS, RADIATIVE TRANSFER, STARS:
                  PRE-MAIN-SEQUENCE},
  year =     1997,
  month =    nov,
  volume =   490,
  pages =    {368-376},
  doi =      {10.1086/304869},
  adsurl =   {http://adsabs.harvard.edu/abs/1997ApJ...490..368C},
  adsnote =  {Provided by the SAO/NASA Astrophysics Data System}
}

@ARTICLE{Chiang_Goldreich99,
  author =   {{Chiang}, E.~I. and {Goldreich}, P.},
  title =    "{Spectral Energy Distributions of Passive T Tauri
                  Disks: Inclination}",
  journal =  {\apj},
  eprint =   {arXiv:astro-ph/9812194},
  keywords =     {ACCRETION, ACCRETION DISKS, STARS: CIRCUMSTELLAR
                  MATTER, RADIATIVE TRANSFER, STARS: INDIVIDUAL (GM
                  AURIGAE, 04108+2803B), STARS: PRE-MAIN-SEQUENCE},
  year =     1999,
  month =    jul,
  volume =   519,
  pages =    {279-284},
  doi =      {10.1086/307351},
  adsurl =   {http://adsabs.harvard.edu/abs/1999ApJ...519..279C},
  adsnote =  {Provided by the SAO/NASA Astrophysics Data System}
}

@ARTICLE{Chiang_etal01,
  author =   {{Chiang}, E.~I. and {Joung}, M.~K. and
                  {Creech-Eakman}, M.~J. and {Qi}, C. and {Kessler},
                  J.~E. and {Blake}, G.~A. and {van Dishoeck}, E.~F. },
  title =    "{Spectral Energy Distributions of Passive T Tauri
                  and Herbig Ae Disks: Grain Mineralogy, Parameter
                  Dependences, and Comparison with Infrared Space
                  Observatory LWS Observations}",
  journal =  {\apj},
  eprint =   {arXiv:astro-ph/0009428},
  keywords =     {Accretion, Accretion Disks, Stars: Circumstellar
                  Matter, Radiative Transfer, Stars: Individual:
                  Alphanumeric: MWC 480, Stars: Individual: Henry
                  Draper Number: HD 36112, Stars: Individual:
                  Constellation Name: CQ Tauri, Stars: Individual:
                  Alphanumeric: LkCa 15, Stars: Individual:
                  Constellation Name: AA Tauri, Stars:
                  Pre-Main-Sequence},
  year =     2001,
  month =    feb,
  volume =   547,
  pages =    {1077-1089},
  doi =      {10.1086/318427},
  adsurl =   {http://adsabs.harvard.edu/abs/2001ApJ...547.1077C},
  adsnote =  {Provided by the SAO/NASA Astrophysics Data System}
}

@ARTICLE{Cotera_etal01,
  author =   {{Cotera}, A.~S. and {Whitney}, B.~A. and {Young},
                  E. and {Wolff}, M.~J. and {Wood}, K. and {Povich},
                  M. and {Schneider}, G. and {Rieke}, M. and
                  {Thompson}, R.},
  title =    "{High-Resolution Near-Infrared Images and Models of
                  the Circumstellar Disk in HH 30}",
  journal =  {\apj},
  eprint =   {arXiv:astro-ph/0104066},
  keywords =     {Accretion, Accretion Disks, Radiative Transfer,
                  stars: individual (HH 30), Stars: Pre-Main-Sequence,
                  Stars: Rotation, Stars: Spots},
  year =     2001,
  month =    aug,
  volume =   556,
  pages =    {958-969},
  doi =      {10.1086/321627},
  adsurl =   {http://cdsads.u-strasbg.fr/abs/2001ApJ...556..958C},
  adsnote =  {Provided by the SAO/NASA Astrophysics Data System}
}

@ARTICLE{D'Alessio_etal98,
  author =   {{D'Alessio}, P. and {Canto}, J. and {Calvet}, N. and
                  {Lizano}, S. },
  title =    "{Accretion Disks around Young Objects. I. The
                  Detailed Vertical Structure}",
  journal =  {\apj},
  eprint =   {arXiv:astro-ph/9806060},
  keywords =     {ACCRETION, ACCRETION DISKS, RADIATIVE TRANSFER,
                  STARS: PRE-MAIN-SEQUENCE},
  year =     1998,
  month =    jun,
  volume =   500,
  pages =    {411-+},
  doi =      {10.1086/305702},
  adsurl =   {http://adsabs.harvard.edu/abs/1998ApJ...500..411D},
  adsnote =  {Provided by the SAO/NASA Astrophysics Data System}
}

@ARTICLE{D'Alessio_etal99,
  author =   {{D'Alessio}, P. and {Calvet}, N. and {Hartmann},
                  L. and {Lizano}, S. and {Cant{\'o}}, J.},
  title =    "{Accretion Disks around Young Objects. II. Tests of
                  Well-mixed Models with ISM Dust}",
  journal =  {\apj},
  eprint =   {arXiv:astro-ph/9907330},
  keywords =     {ACCRETION, ACCRETION DISKS, STARS: CIRCUMSTELLAR
                  MATTER, ISM: DUST, EXTINCTION, STARS:
                  PRE-MAIN-SEQUENCE},
  year =     1999,
  month =    dec,
  volume =   527,
  pages =    {893-909},
  doi =      {10.1086/308103},
  adsurl =   {http://adsabs.harvard.edu/abs/1999ApJ...527..893D},
  adsnote =  {Provided by the SAO/NASA Astrophysics Data System}
}

@ARTICLE{D'Alessio_etal01,
  author =   {{D'Alessio}, P. and {Calvet}, N. and {Hartmann}, L.},
  title =    "{Accretion Disks around Young Objects. III. Grain
                  Growth}",
  journal =  {\apj},
  eprint =   {arXiv:astro-ph/0101443},
  keywords =     {Accretion, Accretion Disks, Stars: Circumstellar
                  Matter, Stars: Formation, Stars: Pre-Main-Sequence},
  year =     2001,
  month =    may,
  volume =   553,
  pages =    {321-334},
  doi =      {10.1086/320655},
  adsurl =   {http://adsabs.harvard.edu/abs/2001ApJ...553..321D},
  adsnote =  {Provided by the SAO/NASA Astrophysics Data System}
}

@ARTICLE{D'Alessio_etal06,
  author =   {{D'Alessio}, P. and {Calvet}, N. and {Hartmann},
                  L. and {Franco-Hern{\'a}ndez}, R. and
                  {Serv{\'{\i}}n}, H.},
  title =    "{Effects of Dust Growth and Settling in T Tauri
                  Disks}",
  journal =  {\apj},
  eprint =   {arXiv:astro-ph/0511564},
  keywords =     {Accretion, Accretion Disks, Stars: Circumstellar
                  Matter, Stars: Formation, Stars: Pre-Main-Sequence},
  year =     2006,
  month =    feb,
  volume =   638,
  pages =    {314-335},
  doi =      {10.1086/498861},
  adsurl =   {http://adsabs.harvard.edu/abs/2006ApJ...638..314D},
  adsnote =  {Provided by the SAO/NASA Astrophysics Data System}
}

@ARTICLE{Dominik_Dullemond08,
  author =   {{Dominik}, C. and {Dullemond}, C.~P.},
  title =    "{Coagulation of small grains in disks: the influence
                  of residual infall and initial small-grain content}",
  journal =  {\aap},
  archivePrefix ="arXiv",
  eprint =   {0809.3916},
  keywords =     {accretion, accretion disks, stars: circumstellar
                  matter, stars: formation, stars: pre-main-sequence,
                  infrared: stars},
  year =     2008,
  month =    dec,
  volume =   491,
  pages =    {663-670},
  doi =      {10.1051/0004-6361:20077493},
  adsurl =
                  {http://cdsads.u-strasbg.fr/abs/2008A%26A...491..663D},
  adsnote =  {Provided by the SAO/NASA Astrophysics Data System}
}

@ARTICLE{Dullemond_Dominik05,
  author =   {{Dullemond}, C.~P. and {Dominik}, C.},
  title =    "{Dust coagulation in protoplanetary disks: A rapid
                  depletion of small grains}",
  journal =  {\aap},
  eprint =   {arXiv:astro-ph/0412117},
  keywords =     {accretion, accretion disks, stars: circumstellar
                  matter, stars: formation, stars: pre-main sequence,
                  infrared: stars, ISM: dust, extinction},
  year =     2005,
  month =    may,
  volume =   434,
  pages =    {971-986},
  doi =      {10.1051/0004-6361:20042080},
  adsurl =   {http://adsabs.harvard.edu/abs/2005A%26A...434..971D},
  adsnote =  {Provided by the SAO/NASA Astrophysics Data System}
}

@ARTICLE{Draine_Lee84,
  author =   {{Draine}, B.~T. and {Lee}, H.~M.},
  title =    "{Optical properties of interstellar graphite and
                  silicate grains}",
  journal =  {\apj},
  keywords =     {GRANULAR MATERIALS, GRAPHITE, INTERSTELLAR MATTER,
                  OPTICAL PROPERTIES, SILICATES, ABSORPTION CROSS
                  SECTIONS, INFRARED ASTRONOMY, OPACITY, PARTICLE
                  INTERACTIONS, SCATTERING CROSS SECTIONS},
  year =     1984,
  month =    oct,
  volume =   285,
  pages =    {89-108},
  doi =      {10.1086/162480},
  adsurl =   {http://adsabs.harvard.edu/abs/1984ApJ...285...89D},
  adsnote =  {Provided by the SAO/NASA Astrophysics Data System}
}



@ARTICLE{Draine_Sutin87,
  author =   {{Draine}, B.~T. and {Sutin}, B.},
  title =    "{Collisional charging of interstellar grains}",
  journal =  {\apj},
  keywords =     {CHARGED PARTICLES, INTERSTELLAR MATTER, PARTICLE
                  COLLISIONS, CHARGING, COOLING, ELECTRON-ION
                  RECOMBINATION, GRAIN SIZE},
  year =     1987,
  month =    sep,
  volume =   320,
  pages =    {803-817},
  doi =      {10.1086/165596},
  adsurl =   {http://adsabs.harvard.edu/abs/1987ApJ...320..803D},
  adsnote =  {Provided by the SAO/NASA Astrophysics Data System}
}
                  
@ARTICLE{Fang+vanBoekel+Wang+etal2009,
  author =	 {{Fang}, M. and {van Boekel}, R. and {Wang}, W. and {Carmona}, A. and
                  {Sicilia-Aguilar}, A. and {Henning}, T.},
  title =	 "{Star and protoplanetary disk properties in Orion's suburbs}",
  journal =	 {\aap},
  archivePrefix ="arXiv",
  eprint =	 {0907.2380},
  primaryClass = "astro-ph.SR",
  keywords =	 {surveys, stars: pre-main sequence, planetary systems: protoplanetary
                  disks, accretion, accretion disks},
  year =	 2009,
  month =	 sep,
  volume =	 504,
  pages =	 {461-489},
  doi =		 {10.1051/0004-6361/200912468},
  adsurl =	 {http://adsabs.harvard.edu/abs/2009A%26A...504..461F},
  adsnote =	 {Provided by the SAO/NASA Astrophysics Data System}
}

@ARTICLE{Ferguson_Alexander_etal05,
  author =   {{Ferguson}, J.~W. and {Alexander}, D.~R. and
                  {Allard}, F. and {Barman}, T. and {Bodnarik},
                  J.~G. and {Hauschildt}, P.~H. and {Heffner-Wong},
                  A. and {Tamanai}, A.},
  title =    "{Low-Temperature Opacities}",
  journal =  {\apj},
  eprint =   {arXiv:astro-ph/0502045},
  keywords =     {Atomic Data, Equation of State, Methods: Numerical,
                  Molecular Data},
  year =     2005,
  month =    apr,
  volume =   623,
  pages =    {585-596},
  doi =      {10.1086/428642},
  adsurl =   {http://adsabs.harvard.edu/abs/2005ApJ...623..585F},
  adsnote =  {Provided by the SAO/NASA Astrophysics Data System}
}

@ARTICLE{Fleming_etal00,
  author =   {{Fleming}, T.~P. and {Stone}, J.~M. and {Hawley},
                  J.~F.},
  title =    "{The Effect of Resistivity on the Nonlinear Stage of
                  the Magnetorotational Instability in Accretion
                  Disks}",
  journal =  {\apj},
  eprint =   {arXiv:astro-ph/0001164},
  keywords =     {ACCRETION, ACCRETION DISKS, CONDUCTION,
                  INSTABILITIES, MAGNETOHYDRODYNAMICS: MHD,
                  TURBULENCE},
  year =     2000,
  month =    feb,
  volume =   530,
  pages =    {464-477},
  doi =      {10.1086/308338},
  adsurl =   {http://adsabs.harvard.edu/abs/2000ApJ...530..464F},
  adsnote =  {Provided by the SAO/NASA Astrophysics Data System}
}

@ARTICLE{Freedman_Marley_Lodders08,
  author =   {{Freedman}, R.~S. and {Marley}, M.~S. and {Lodders},
                  K.},
  title =    "{Line and Mean Opacities for Ultracool Dwarfs and
                  Extrasolar Planets}",
  journal =  {\apjs},
  archivePrefix ="arXiv",
  eprint =   {0706.2374},
  keywords =     {Line: Profiles, Molecular Data, Stars: Atmospheres,
                  Stars: Low-Mass, Brown Dwarfs},
  year =     2008,
  month =    feb,
  volume =   174,
  pages =    {504-513},
  doi =      {10.1086/521793},
  adsurl =   {http://adsabs.harvard.edu/abs/2008ApJS..174..504F},
  adsnote =  {Provided by the SAO/NASA Astrophysics Data System}
}

@ARTICLE{Fromang_etal02,
  author =   {{Fromang}, S. and {Terquem}, C. and {Balbus}, S.~A.},
  title =    "{The ionization fraction in {$\alpha$} models of
                  protoplanetary discs}",
  journal =  {\mnras},
  eprint =   {arXiv:astro-ph/0109008},
  keywords =     {ACCRETION, ACCRETION DISCS, MHD, PLANETARY SYSTEMS:
                  PROTOPLANETARY DISCS, STARS: PRE-MAIN-SEQUENCE},
  year =     2002,
  month =    jan,
  volume =   329,
  pages =    {18-28},
  doi =      {10.1046/j.1365-8711.2002.04940.x},
  adsurl =   {http://adsabs.harvard.edu/abs/2002MNRAS.329...18F},
  adsnote =  {Provided by the SAO/NASA Astrophysics Data System}
}

@ARTICLE{Gammie96,
  author =   {{Gammie}, C.~F.},
  title =    "{Layered Accretion in T Tauri Disks}",
  journal =  {\apj},
  keywords =     {ACCRETION, ACCRETION DISKS, STARS: MAGNETIC FIELDS,
                  STARS: PRE-MAIN-SEQUENCE},
  year =     1996,
  month =    jan,
  volume =   457,
  pages =    {355-362},
  doi =      {10.1086/176735},
  adsurl =   {http://adsabs.harvard.edu/abs/1996ApJ...457..355G},
  adsnote =  {Provided by the SAO/NASA Astrophysics Data System}
}

@ARTICLE{Geers_etal2006,
  author =   {{Geers}, V.~C. and {Augereau}, J.-C. and
                  {Pontoppidan}, K.~M. and {Dullemond}, C.~P. and
                  {Visser}, R. and {Kessler-Silacci}, J.~E. and
                  {Evans}, II, N.~J. and {van Dishoeck}, E.~F. and
                  {Blake}, G.~A. and {Boogert}, A.~C.~A. and {Brown},
                  J.~M. and {Lahuis}, F. and {Mer{\'{\i}}n}, B.},
  title =    "{C2D Spitzer-IRS spectra of disks around T Tauri
                  stars. II. PAH emission features}",
  journal =  {\aap},
  eprint =   {arXiv:astro-ph/0609157},
  keywords =     {stars: pre-main sequence, planetary systems:
                  protoplanetary disks, circumstellar matter,
                  astrochemistry, ISM: molecules},
  year =     2006,
  month =    nov,
  volume =   459,
  pages =    {545-556},
  doi =      {10.1051/0004-6361:20064830},
  adsurl =   {http://adsabs.harvard.edu/abs/2006A%26A...459..545G},
  adsnote =  {Provided by the SAO/NASA Astrophysics Data System}
}


@Article{Giesen_etal92,
  author =   {Giesen, T. and Schieder, R. and Winnewisser, G. and
                  Yamada, K.~M.~T.},
  title =    {Precise measurements of pressure broadening and
                  shift for several {${\rm H_2O}$} lines in the
                  $\nu_2$ band by argon, nitrogen, oxygen, and air},
  journal =  {J. Mol. Spectrosc.},
  year =     1992,
  volume =   153,
  pages =    {406-418}
}

@ARTICLE{Glassgold+etal97,
  author =   {{Glassgold}, A.~E. and {Najita}, J. and {Igea}, J.},
  title =    "{X-Ray Ionization of Protoplanetary Disks}",
  journal =  {\apj},
  keywords =     {ACCRETION, ACCRETION DISKS, RADIATIVE TRANSFER,
                  STARS: PRE-MAIN-SEQUENCE, X-RAYS: STARS},
  year =     1997,
  month =    may,
  volume =   480,
  pages =    {344-350},
  doi =      {10.1086/303952},
  adsurl =   {http://adsabs.harvard.edu/abs/1997ApJ...480..344G},
  adsnote =  {Provided by the SAO/NASA Astrophysics Data System}
}


@ARTICLE{Glassgold+etal04,
  author =   {{Glassgold}, A.~E. and {Najita}, J. and {Igea}, J.},
  title =    "{Heating Protoplanetary Disk Atmospheres}",
  journal =  {\apj},
  keywords =     {Stars: Planetary Systems: Protoplanetary Disks},
  year =     2004,
  month =    nov,
  volume =   615,
  pages =    {972-990},
  doi =      {10.1086/424509},
  adsurl =   {http://adsabs.harvard.edu/abs/2004ApJ...615..972G},
  adsnote =  {Provided by the SAO/NASA Astrophysics Data System}
}

@ARTICLE{Hartmann+Calvet+Gullbring+etal1998,
  author =	 {{Hartmann}, L. and {Calvet}, N. and {Gullbring}, E. and {D'Alessio}, P.
                  },
  title =	 "{Accretion and the Evolutiion of T Tauri Disks}",
  journal =	 {\apj},
  keywords =	 {ACCRETION, ACCRETION DISKS, STARS: CIRCUMSTELLAR MATTER, STARS:
                  FORMATION, STARS: PRE-MAIN-SEQUENCE},
  year =	 1998,
  month =	 mar,
  volume =	 495,
  pages =	 {385-+},
  doi =		 {10.1086/305277},
  adsurl =	 {http://adsabs.harvard.edu/abs/1998ApJ...495..385H},
  adsnote =	 {Provided by the SAO/NASA Astrophysics Data System}
}

@ARTICLE{Hartmann_etal05,
   author = {{Hartmann}, L. and {Megeath}, S.~T. and {Allen}, L. and {Luhman}, K. and
    {Calvet}, N. and {D'Alessio}, P. and {Franco-Hernandez}, R. and
    {Fazio}, G.},
    title = "{IRAC Observations of Taurus Pre-Main-Sequence Stars}",
  journal = {\apj},
   eprint = {arXiv:astro-ph/0505323},
 keywords = {Accretion, Accretion Disks, Infrared: Stars, Stars: Formation, Stars: Pre-Main-Sequence},
     year = 2005,
    month = aug,
   volume = 629,
    pages = {881-896},
      doi = {10.1086/431472},
   adsurl = {http://adsabs.harvard.edu/abs/2005ApJ...629..881H},
  adsnote = {Provided by the SAO/NASA Astrophysics Data System}
}

@ARTICLE{Hasegawa_etal92,
  author =   {{Hasegawa}, T.~I. and {Herbst}, E. and {Leung},
                  C.~M.},
  title =    "{Models of gas-grain chemistry in dense interstellar
                  clouds with complex organic molecules}",
  journal =  {\apjs},
  keywords =     {COSMIC DUST, INTERSTELLAR CHEMISTRY, INTERSTELLAR
                  GAS, MOLECULAR CLOUDS, ORGANIC COMPOUNDS, ABUNDANCE,
                  CHEMICAL COMPOSITION, DARK MATTER, STAR FORMATION},
  year =     1992,
  month =    sep,
  volume =   82,
  pages =    {167-195},
  doi =      {10.1086/191713},
  adsurl =   {http://adsabs.harvard.edu/abs/1992ApJS...82..167H},
  adsnote =  {Provided by the SAO/NASA Astrophysics Data System}
}

@ARTICLE{Hayashi81,
  author =   {{Hayashi}, C.},
  title =    "{Structure of the Solar Nebula, Growth and Decay of
                  Magnetic Fields and Effects of Magnetic and
                  Turbulent Viscosities on the Nebula}",
  journal =  {Progress of Theoretical Physics Supplement},
  year =     1981,
  volume =   70,
  pages =    {35-53},
  adsurl =   {http://adsabs.harvard.edu/abs/1981PThPS..70...35H},
  adsnote =  {Provided by the SAO/NASA Astrophysics Data System}
}

@INPROCEEDINGS{Hayashi_etal85,
  author =   {{Hayashi}, C. and {Nakazawa}, K. and {Nakagawa}, Y.},
  title =    "{Formation of the solar system}",
  keywords =     {GALACTIC EVOLUTION, SOLAR SYSTEM, ASTEROIDS, COSMIC
                  DUST, HELIUM, HYDROGEN, NATURAL SATELLITES,
                  PROTOPLANETS, SOLAR CORONA, STELLAR EVOLUTION},
  booktitle =    {Protostars and Planets II},
  year =     1985,
  editor =   {{Black}, D.~C. and {Matthews}, M.~S.},
  pages =    {1100-1153},
  adsurl =   {http://adsabs.harvard.edu/abs/1985prpl.conf.1100H},
  adsnote =  {Provided by the SAO/NASA Astrophysics Data System}
}

@ARTICLE{Hirose+Turner2011,
  author =	 {{Hirose}, S. and {Turner}, N.~J.},
  title =	 "{Heating and Cooling Protostellar Disks}",
  journal =	 {\apjl},
  archivePrefix ="arXiv",
  eprint =	 {1104.0004},
  primaryClass = "astro-ph.EP",
  keywords =	 {magnetic reconnection, magnetohydrodynamics: MHD, protoplanetary disks,
                  radiative transfer, shock waves, turbulence},
  year =	 2011,
  month =	 may,
  volume =	 732,
  eid =		 {L30},
  pages =	 {L30},
  doi =		 {10.1088/2041-8205/732/2/L30},
  adsurl =	 {http://adsabs.harvard.edu/abs/2011ApJ...732L..30H},
  adsnote =	 {Provided by the SAO/NASA Astrophysics Data System}
}
                  
@ARTICLE{HITRAN96,
  author =   {{Rothman}, L.~S. and {Rinsland}, C.~P. and
                  {Goldman}, A. and {Massie}, S.~T. and {Edwards},
                  D.~P. and {Flaud}, J.-M. and {Perrin}, A. and
                  {Camy-Peyret}, C. and {Dana}, V. and {Mandin},
                  J.-Y. and {Schroeder}, J. and {McCann}, A. and
                  {Gamache}, R.~R. and {Wattson}, R.~B. and {Yoshino},
                  K. and {Chance}, K. and {Jucks}, K. and {Brown},
                  L.~R. and {Nemtchinov}, V. and {Varanasi}, P.},
  title =    "{The HITRAN Molecular Spectroscopic Database and
                  HAWKS (HITRAN Atmospheric Workstation): 1996
                  Edition}",
  journal =  {Journal of Quantitative Spectroscopy and Radiative
                  Transfer},
  keywords =     {absorption, high-resolution, molecular spectroscopy},
  year =     1998,
  month =    nov,
  volume =   60,
  pages =    {665-710},
  adsurl =   {http://adsabs.harvard.edu/abs/1998JQSRT..60..665R},
  adsnote =  {Provided by the SAO/NASA Astrophysics Data System}
}

@Article{Hollenbach_Salpeter70,
  author =   {Hollenbach, D. and Salpeter, E.~E.},
  title =    {Surface Adsoption of Light Gas Atoms},
  journal =  {J. Chem. Phys.},
  year =     1970,
  volume =   53,
  pages =    79
}

@ARTICLE{Ida_Lin08,
  author =   {{Ida}, S. and {Lin}, D.~N.~C.},
  title =    "{Toward a Deterministic Model of Planetary
                  Formation. V. Accumulation Near the Ice Line and
                  Super-Earths}",
  journal =  {\apj},
  keywords =     {Stars: Planetary Systems: Formation, Solar System:
                  Formation, Stars: Statistics},
  year =     2008,
  month =    sep,
  volume =   685,
  pages =    {584-595},
  doi =      {10.1086/590401},
  adsurl =   {http://adsabs.harvard.edu/abs/2008ApJ...685..584I},
  adsnote =  {Provided by the SAO/NASA Astrophysics Data System}
}

@ARTICLE{Igea_Glassgold99,
  author =   {{Igea}, J. and {Glassgold}, A.~E.},
  title =    "{X-Ray Ionization of the Disks of Young Stellar
                  Objects}",
  journal =  {\apj},
  keywords =     {ACCRETION, ACCRETION DISKS, RADIATIVE TRANSFER,
                  STARS: PRE-MAIN-SEQUENCE, X-RAYS: STARS},
  year =     1999,
  month =    jun,
  volume =   518,
  pages =    {848-858},
  doi =      {10.1086/307302},
  adsurl =   {http://adsabs.harvard.edu/abs/1999ApJ...518..848I},
  adsnote =  {Provided by the SAO/NASA Astrophysics Data System}
}

@ARTICLE{IlgnerNelson06a,
  author =   {{Ilgner}, M. and {Nelson}, R.~P.},
  title =    "{On the ionisation fraction in protoplanetary
                  disks. I. Comparing different reaction networks}",
  journal =  {\aap},
  eprint =   {arXiv:astro-ph/0509550},
  keywords =     {accretion, accretion disks, magnetohydrodynamics
                  (MHD), solar system: formation, stars: pre-main
                  sequence},
  year =     2006,
  month =    jan,
  volume =   445,
  pages =    {205-222},
  doi =      {10.1051/0004-6361:20053678},
  adsurl =   {http://adsabs.harvard.edu/abs/2006A%26A...445..205I},
  adsnote =  {Provided by the SAO/NASA Astrophysics Data System},
  note = {(IN06a)}
}

@ARTICLE{IlgnerNelson06b,
  author =   {{Ilgner}, M. and {Nelson}, R.~P.},
  title =    "{On the ionisation fraction in protoplanetary
                  disks. II. The effect of turbulent mixing on
                  gas-phase chemistry}",
  journal =  {\aap},
  eprint =   {arXiv:astro-ph/0509553},
  keywords =     {accretion, accretion disks, magnetohydrodynamics
                  (MHD), solar system: formation, stars: pre-main
                  sequence},
  year =     2006,
  month =    jan,
  volume =   445,
  pages =    {223-232},
  doi =      {10.1051/0004-6361:20053867},
  adsurl =   {http://adsabs.harvard.edu/abs/2006A%26A...445..223I},
  adsnote =  {Provided by the SAO/NASA Astrophysics Data System}
}

@ARTICLE{IlgnerNelson08,
  author =   {{Ilgner}, M. and {Nelson}, R.~P.},
  title =    "{Turbulent transport and its effect on the dead zone
                  in protoplanetary discs}",
  journal =  {\aap},
  archivePrefix ="arXiv",
  eprint =   {0802.4409},
  keywords =     {accretion, accretion disks, magnetohydornamics
                  (MHD), stars: planetary systems:, protoplanetary
                  disks, stars: planetary systems: formation},
  year =     2008,
  month =    jun,
  volume =   483,
  pages =    {815-830},
  doi =      {10.1051/0004-6361:20079307},
  adsurl =   {http://adsabs.harvard.edu/abs/2008A%26A...483..815I},
  adsnote =  {Provided by the SAO/NASA Astrophysics Data System}
}

@ARTICLE{Jones_etal96,
  author =   {{Jones}, A.~P. and {Tielens}, A.~G.~G.~M. and
                  {Hollenbach}, D.~J. },
  title =    "{Grain Shattering in Shocks: The Interstellar Grain
                  Size Distribution}",
  journal =  {\apj},
  keywords =     {ISM: DUST, EXTINCTION, SHOCK WAVES, STARS:
                  SUPERNOVAE: GENERAL, METHODS: NUMERICAL},
  year =     1996,
  month =    oct,
  volume =   469,
  pages =    {740-+},
  doi =      {10.1086/177823},
  adsurl =   {http://adsabs.harvard.edu/abs/1996ApJ...469..740J},
  adsnote =  {Provided by the SAO/NASA Astrophysics Data System}
}

@ARTICLE{Kamp+Tilling+Woitke+Thi2010,
  author =	 {{Kamp}, I. and {Tilling}, I. and {Woitke}, P. and {Thi}, W.-F. and
                  {Hogerheijde}, M.},
  title =	 "{Radiation thermo-chemical models of protoplanetary disks. II. Line
                  diagnostics}",
  journal =	 {\aap},
  archivePrefix ="arXiv",
  eprint =	 {0911.1949},
  primaryClass = "astro-ph.SR",
  keywords =	 {astrochemistry, methods: numerical, line: formation, circumstellar
                  matter, stars: formation, radiative transfer},
  year =	 2010,
  month =	 jan,
  volume =	 510,
  eid =		 {A18},
  pages =	 {A18},
  doi =		 {10.1051/0004-6361/200913076},
  adsurl =	 {http://adsabs.harvard.edu/abs/2010A%26A...510A..18K},
  adsnote =	 {Provided by the SAO/NASA Astrophysics Data System}
}
                  
@ARTICLE{Kim+Ostriker2000,
  author =	 {{Kim}, W.-T. and {Ostriker}, E.~C.},
  title =	 "{Magnetohydrodynamic Instabilities in Shearing, Rotating, Stratified
                  Winds and Disks}",
  journal =	 {\apj},
  eprint =	 {arXiv:astro-ph/0004094},
  keywords =	 {Accretion, Accretion Disks, ISM: jets and outflows, ISM: kinematics and
                  dynamics, ISM: Magnetic Fields, Magnetohydrodynamics: MHD, stars:
                  pre-main-sequence},
  year =	 2000,
  month =	 sep,
  volume =	 540,
  pages =	 {372-403},
  doi =		 {10.1086/309293},
  adsurl =	 {http://adsabs.harvard.edu/abs/2000ApJ...540..372K},
  adsnote =	 {Provided by the SAO/NASA Astrophysics Data System}
}

@ARTICLE{Krolik_Kallman83,
  author =   {{Krolik}, J.~H. and {Kallman}, T.~R.},
  title =    "{X-ray ionization and the Orion molecular cloud}",
  journal =  {\apj},
  keywords =     {INTERSTELLAR CHEMISTRY, INTERSTELLAR MATTER,
                  MOLECULAR CLOUDS, NEBULAE, ORION NEBULA, X RAY
                  SOURCES, ABUNDANCE, COSMIC RAYS, HYDROGEN CLOUDS,
                  ION PRODUCTION RATES, IONIZATION, OPACITY},
  year =     1983,
  month =    apr,
  volume =   267,
  pages =    {610-624},
  doi =      {10.1086/160897},
  adsurl =   {http://adsabs.harvard.edu/abs/1983ApJ...267..610K},
  adsnote =  {Provided by the SAO/NASA Astrophysics Data System}
}

@ARTICLE{Lissauer93,
  author =   {{Lissauer}, J.~J.},
  title =    "{Planet formation}",
  journal =  {\araa},
  keywords =     {PLANETARY EVOLUTION, PLANETARY SYSTEMS, SOLAR SYSTEM
                  EVOLUTION, TERRESTRIAL PLANETS, ORBITAL MECHANICS,
                  PLANETOLOGY},
  year =     1993,
  volume =   31,
  pages =    {129-174},
  doi =      {10.1146/annurev.aa.31.090193.001021},
  adsurl =   {http://adsabs.harvard.edu/abs/1993ARA%26A..31..129L},
  adsnote =  {Provided by the SAO/NASA Astrophysics Data System}
}

@ARTICLE{McCall_etal03,
   author = {{McCall}, B.~J. and {Huneycutt}, A.~J. and {Saykally}, R.~J. and
    {Geballe}, T.~R. and {Djuric}, N. and {Dunn}, G.~H. and {Semaniak}, J. and
    {Novotny}, O. and {Al-Khalili}, A. and {Ehlerding}, A. and {Hellberg}, F. and
    {Kalhori}, S. and {Neau}, A. and {Thomas}, R. and {{\"O}sterdahl}, F. and
    {Larsson}, M.},
    title = "{An enhanced cosmic-ray flux towards {$\zeta$} Persei inferred from a laboratory study of the H_{3}^{+}-e^{-} recombination rate}",
  journal = {\nat},
   eprint = {arXiv:astro-ph/0302106},
     year = 2003,
    month = apr,
   volume = 422,
    pages = {500-502},
      doi = {10.1038/nature01498},
   adsurl = {http://adsabs.harvard.edu/abs/2003Natur.422..500M},
  adsnote = {Provided by the SAO/NASA Astrophysics Data System}
}

@ARTICLE{Mandell_etal08,
  author =   {{Mandell}, A.~M. and {Mumma}, M.~J. and {Blake},
                  G.~A. and {Bonev}, B.~P. and {Villanueva}, G.~L. and
                  {Salyk}, C.},
  title =    "{Discovery of OH in Circumstellar Disks around Young
                  Intermediate-Mass Stars}",
  journal =  {\apjl},
  archivePrefix ="arXiv",
  eprint =   {0805.3502},
  keywords =     {Stars: Circumstellar Matter, Infrared: Stars,
                  Molecular Processes, Stars: Planetary Systems:
                  Formation, Stars: Planetary Systems: Protoplanetary
                  Disks, Stars: Pre-Main-Sequence},
  year =     2008,
  month =    jul,
  volume =   681,
  pages =    {L25-L28},
  doi =      {10.1086/590180},
  adsurl =   {http://adsabs.harvard.edu/abs/2008ApJ...681L..25M},
  adsnote =  {Provided by the SAO/NASA Astrophysics Data System}
}

@ARTICLE{Mathis_etal77,
  author =   {{Mathis}, J.~S. and {Rumpl}, W. and {Nordsieck},
                  K.~H.},
  title =    "{The size distribution of interstellar grains}",
  journal =  {\apj},
  keywords =     {COSMIC DUST, INTERSTELLAR EXTINCTION, INTERSTELLAR
                  MATTER, PARTICLE SIZE DISTRIBUTION, ENSTATITE,
                  GRAPHITE, MAGNETITE, OLIVINE, POLARIZATION
                  CHARACTERISTICS, ULTRAVIOLET ASTRONOMY},
  year =     1977,
  month =    oct,
  volume =   217,
  pages =    {425-433},
  adsurl =   {http://adsabs.harvard.edu/abs/1977ApJ...217..425M},
  adsnote =  {Provided by the SAO/NASA Astrophysics Data System}
}

@ARTICLE{Millar_etal97,
  author =   {{Millar}, T.~J. and {Farquhar}, P.~R.~A. and
                  {Willacy}, K.},
  title =    "{The UMIST Database for Astrochemistry 1995}",
  journal =  {\aaps},
  keywords =     {ISM: MOLECULES, MOLECULAR DATA, MOLECULAR PROCESSES},
  year =     1997,
  month =    jan,
  volume =   121,
  pages =    {139-185},
  doi =      {10.1051/aas:1997118},
  adsurl =   {http://adsabs.harvard.edu/abs/1997A%26AS..121..139M},
  adsnote =  {Provided by the SAO/NASA Astrophysics Data System}
}

@ARTICLE{Muzerolle+Luhman+Briceno2005,
  author =	 {{Muzerolle}, J. and {Luhman}, K.~L. and {Brice{\~n}o}, C. and
                  {Hartmann}, L. and {Calvet}, N.},
  title =	 "{Measuring Accretion in Young Substellar Objects: Approaching the
                  Planetary Mass Regime}",
  journal =	 {\apj},
  eprint =	 {arXiv:astro-ph/0502023},
  keywords =	 {Accretion, Accretion Disks, Stars: Circumstellar Matter, Stars:
                  Emission-Line, Be, Stars: Low-Mass, Brown Dwarfs, Stars:
                  Pre-Main-Sequence},
  year =	 2005,
  month =	 jun,
  volume =	 625,
  pages =	 {906-912},
  doi =		 {10.1086/429483},
  adsurl =	 {http://adsabs.harvard.edu/abs/2005ApJ...625..906M},
  adsnote =	 {Provided by the SAO/NASA Astrophysics Data System}
}

@ARTICLE{Najita_etal03,
  author =   {{Najita}, J. and {Carr}, J.~S. and {Mathieu}, R.~D.},
  title =    "{Gas in the Terrestrial Planet Region of Disks: CO
                  Fundamental Emission from T Tauri Stars}",
  journal =  {\apj},
  keywords =     {Stars: Circumstellar Matter, Stars: Planetary
                  Systems: Formation, Stars: Planetary Systems:
                  Protoplanetary Disks, Stars: Variables: Other},
  year =     2003,
  month =    jun,
  volume =   589,
  pages =    {931-952},
  doi =      {10.1086/374809},
  adsurl =   {http://adsabs.harvard.edu/abs/2003ApJ...589..931N},
  adsnote =  {Provided by the SAO/NASA Astrophysics Data System}
}

@ARTICLE{Natta_etal04,
  author =   {{Natta}, A. and {Testi}, L. and {Neri}, R. and
                  {Shepherd}, D.~S. and {Wilner}, D.~J.},
  title =    "{A search for evolved dust in Herbig Ae stars}",
  journal =  {\aap},
  eprint =   {arXiv:astro-ph/0311624},
  keywords =     {stars: planetary systems: protoplanetary disks,
                  stars: planetary systems: formation, stars:
                  formation},
  year =     2004,
  month =    mar,
  volume =   416,
  pages =    {179-186},
  doi =      {10.1051/0004-6361:20035620},
  adsurl =   {http://adsabs.harvard.edu/abs/2004A%26A...416..179N},
  adsnote =  {Provided by the SAO/NASA Astrophysics Data System}
}

@INPROCEEDINGS{Natta_etal07,
   author = {{Natta}, A. and {Testi}, L. and {Calvet}, N. and {Henning}, T. and
    {Waters}, R. and {Wilner}, D.},
    title = "{Dust in Protoplanetary Disks: Properties and Evolution}",
booktitle = {Protostars and Planets V},
     year = 2007,
   editor = {{Reipurth}, B. and {Jewitt}, D. and {Keil}, K.},
    pages = {767-781},
   adsurl = {http://adsabs.harvard.edu/abs/2007prpl.conf..767N},
  adsnote = {Provided by the SAO/NASA Astrophysics Data System}
}

@ARTICLE{Nishi_etal91,
  author =   {{Nishi}, R. and {Nakano}, T. and {Umebayashi}, T.},
  title =    "{Magnetic flux loss from interstellar clouds with
                  various grain-size distributions}",
  journal =  {\apj},
  keywords =     {CHARGED PARTICLES, COSMIC DUST, GRAIN SIZE,
                  INTERSTELLAR MAGNETIC FIELDS, INTERSTELLAR MATTER,
                  MAGNETIC FLUX, ABUNDANCE, ASTRONOMICAL MODELS,
                  MOLECULAR CLOUDS, PARTICLE DENSITY (CONCENTRATION),
                  PARTICLE SIZE DISTRIBUTION, STAR FORMATION},
  year =     1991,
  month =    feb,
  volume =   368,
  pages =    {181-194},
  doi =      {10.1086/169682},
  adsurl =   {http://adsabs.harvard.edu/abs/1991ApJ...368..181N},
  adsnote =  {Provided by the SAO/NASA Astrophysics Data System}
}

@ARTICLE{OBrien_Greenberg05,
  author =   {{O'Brien}, D.~P. and {Greenberg}, R.},
  title =    "{The collisional and dynamical evolution of the
                  main-belt and NEA size distributions}",
  journal =  {Icarus},
  year =     2005,
  month =    nov,
  volume =   178,
  pages =    {179-212},
  doi =      {10.1016/j.icarus.2005.04.001},
  adsurl =   {http://adsabs.harvard.edu/abs/2005Icar..178..179O},
  adsnote =  {Provided by the SAO/NASA Astrophysics Data System}
}

@ARTICLE{Ogilvie_Livio01,
  author =   {{Ogilvie}, G.~I. and {Livio}, M.},
  title =    "{Launching of Jets and the Vertical Structure of
                  Accretion Disks}",
  journal =  {\apj},
  eprint =   {arXiv:astro-ph/0007474},
  keywords =     {Accretion, Accretion Disks, Galaxies: Jets,
                  Hydrodynamics, ISM: Jets and Outflows, Magnetic
                  Fields, Magnetohydrodynamics: MHD},
  year =     2001,
  month =    may,
  volume =   553,
  pages =    {158-173},
  doi =      {10.1086/320637},
  adsurl =   {http://adsabs.harvard.edu/abs/2001ApJ...553..158O},
  adsnote =  {Provided by the SAO/NASA Astrophysics Data System}
}

@ARTICLE{Oishi_etal07,
  author =   {{Oishi}, J.~S. and {Mac Low}, M.-M. and {Menou}, K.},
  title =    "{Turbulent Torques on Protoplanets in a Dead Zone}",
  journal =  {\apj},
  eprint =   {arXiv:astro-ph/0702549},
  keywords =     {Accretion, Accretion Disks, Magnetohydrodynamics:
                  MHD, Stars: Planetary Systems: Formation, Stars:
                  Planetary Systems: Protoplanetary Disks, Turbulence},
  year =     2007,
  month =    nov,
  volume =   670,
  pages =    {805-819},
  doi =      {10.1086/521781},
  adsurl =   {http://adsabs.harvard.edu/abs/2007ApJ...670..805O},
  adsnote =  {Provided by the SAO/NASA Astrophysics Data System}
}

@ARTICLE{Oppenheimer_Dalgarno74,
  author =   {{Oppenheimer}, M. and {Dalgarno}, A.},
  title =    "{The Fractional Ionization in Dense Interstellar
                  Clouds}",
  journal =  {\apj},
  year =     1974,
  month =    aug,
  volume =   192,
  pages =    {29-32},
  adsurl =   {http://adsabs.harvard.edu/abs/1974ApJ...192...29O},
  adsnote =  {Provided by the SAO/NASA Astrophysics Data System}
}

@ARTICLE{Pessah_Chan_Psaltis06,
  author =   {{Pessah}, M.~E. and {Chan}, C.-K. and {Psaltis}, D.},
  title =    "{The signature of the magnetorotational instability
                  in the Reynolds and Maxwell stress tensors in
                  accretion discs}",
  journal =  {\mnras},
  eprint =   {arXiv:astro-ph/0603178},
  keywords =     {accretion, accretion discs: black hole physics:
                  instabilities: MHD: turbulence},
  year =     2006,
  month =    oct,
  volume =   372,
  pages =    {183-190},
  doi =      {10.1111/j.1365-2966.2006.10824.x},
  adsurl =   {http://adsabs.harvard.edu/abs/2006MNRAS.372..183P},
  adsnote =  {Provided by the SAO/NASA Astrophysics Data System}
}

@BOOK{Press_etal92,
  author =   {{Press}, W.~H. and {Teukolsky}, S.~A. and
                  {Vetterling}, W.~T. and {Flannery}, B.~P.},
  title =    "{Numerical recipes in C. The art of scientific
                  computing}",
  publisher =    {Cambridge: University Press, |c1992, 2nd ed.},
  year =     1992,
  adsurl =   {http://adsabs.harvard.edu/abs/1992nrca.book.....P},
  adsnote =  {Provided by the SAO/NASA Astrophysics Data System}
}

@ARTICLE{Pringle81,
    author = {{Pringle}, J.~E.},
    title = {Accretion discs in astrophysics},
    journal = {\araa},
    year = 1981,
    volume = 19,
    pages = {137--162},
    adsnote = {Provided by the NASA Astrophysics Data System}
}

@ARTICLE{Rothstein_Lovelace08,
  author =   {{Rothstein}, D.~M. and {Lovelace}, R.~V.~E.},
  title =    "{Advection of Magnetic Fields in Accretion Disks:
                  Not So Difficult After All}",
  journal =  {\apj},
  eprint =   {arXiv:0801.2158},
  keywords =     {Accretion, Accretion Disks, Galaxies: Jets, Magnetic
                  Fields, Magnetohydrodynamics: MHD, X-Rays: Binaries},
  year =     2008,
  month =    apr,
  volume =   677,
  pages =    {1221-1232},
  doi =      {10.1086/529128},
  adsurl =   {http://adsabs.harvard.edu/abs/2008ApJ...677.1221R},
  adsnote =  {Provided by the SAO/NASA Astrophysics Data System}
}

@ARTICLE{Salmeron_Wardle05,
   author = {{Salmeron}, R. and {Wardle}, M.},
    title = "{Magnetorotational instability in protoplanetary discs}",
  journal = {\mnras},
   eprint = {arXiv:astro-ph/0408427},
     year = 2005,
    month = jul,
   volume = 361,
    pages = {45-69},
      doi = {10.1111/j.1365-2966.2005.09060.x},
   adsurl = {http://adsabs.harvard.edu/abs/2005MNRAS.361...45S},
  adsnote = {Provided by the SAO/NASA Astrophysics Data System}
}

@ARTICLE{Salmeron_etal07,
  author =   {{Salmeron}, R. and {K{\"o}nigl}, A. and {Wardle},
                  M.},
  title =    "{Angular momentum transport in protostellar discs}",
  journal =  {\mnras},
  eprint =   {arXiv:astro-ph/0611359},
  keywords =     {accretion, accretion discs , MHD , stars: formation
                  , ISM: jets and outflows},
  year =     2007,
  month =    feb,
  volume =   375,
  pages =    {177-183},
  doi =      {10.1111/j.1365-2966.2006.11277.x},
  adsurl =   {http://adsabs.harvard.edu/abs/2007MNRAS.375..177S},
  adsnote =  {Provided by the SAO/NASA Astrophysics Data System}
}

@ARTICLE{Salmeron_Wardle08,
  author =   {{Salmeron}, R. and {Wardle}, M.},
  title =    "{Magnetorotational instability in protoplanetary
                  discs: The effect of dust grains}",
  journal =  {ArXiv e-prints},
  eprint =   {0801.2428},
  keywords =     {Astrophysics},
  year =     2008,
  month =    jan,
  volume =   801,
  adsurl =   {http://adsabs.harvard.edu/abs/2008arXiv0801.2428S},
  adsnote =  {Provided by the SAO/NASA Astrophysics Data System}
}

@ARTICLE{Salyk_etal08,
  author =   {{Salyk}, C. and {Pontoppidan}, K.~M. and {Blake},
                  G.~A. and {Lahuis}, F. and {van Dishoeck}, E.~F. and
                  {Evans}, II, N.~J. },
  title =    "{H_{2}O and OH Gas in the Terrestrial Planet-forming
                  Zones of Protoplanetary Disks}",
  journal =  {\apjl},
  eprint =   {arXiv:0802.0037},
  keywords =     {Astrochemistry, Stars: Circumstellar Matter, ISM:
                  Molecules, Stars: Planetary Systems: Protoplanetary
                  Disks},
  year =     2008,
  month =    mar,
  volume =   676,
  pages =    {L49-L52},
  doi =      {10.1086/586894},
  adsurl =   {http://adsabs.harvard.edu/abs/2008ApJ...676L..49S},
  adsnote =  {Provided by the SAO/NASA Astrophysics Data System}
}

@ARTICLE{Sano_etal00,
  author =   {{Sano}, T. and {Miyama}, S.~M. and {Umebayashi},
                  T. and {Nakano}, T. },
  title =    "{Magnetorotational Instability in Protoplanetary
                  Disks. II. Ionization State and Unstable Regions}",
  journal =  {\apj},
  eprint =   {arXiv:astro-ph/0005464},
  keywords =     {Accretion, Accretion Disks, Diffusion,
                  Instabilities, Magnetohydrodynamics: MHD, Stars:
                  Planetary Systems, Solar System: Formation},
  year =     2000,
  month =    nov,
  volume =   543,
  pages =    {486-501},
  doi =      {10.1086/317075},
  adsurl =   {http://adsabs.harvard.edu/abs/2000ApJ...543..486S},
  adsnote =  {Provided by the SAO/NASA Astrophysics Data System}
}

@ARTICLE{Sano_Stone02,
  author =   {{Sano}, T. and {Stone}, J.~M.},
  title =    "{The Effect of the Hall Term on the Nonlinear
                  Evolution of the Magnetorotational
                  Instability. II. Saturation Level and Critical
                  Magnetic Reynolds Number}",
  journal =  {\apj},
  eprint =   {arXiv:astro-ph/0205383},
  keywords =     {Accretion, Accretion Disks, Diffusion,
                  Instabilities, Magnetohydrodynamics: MHD,
                  Turbulence},
  year =     2002,
  month =    sep,
  volume =   577,
  pages =    {534-553},
  doi =      {10.1086/342172},
  adsurl =   {http://adsabs.harvard.edu/abs/2002ApJ...577..534S},
  adsnote =  {Provided by the SAO/NASA Astrophysics Data System}
}

@ARTICLE{Semenov_etal04,
  author =   {{Semenov}, D. and {Wiebe}, D. and {Henning}, T.},
  title =    "{Reduction of chemical networks. II. Analysis of the
                  fractional ionisation in protoplanetary discs}",
  journal =  {\aap},
  eprint =   {arXiv:astro-ph/0403555},
  keywords =     {astrochemistry, stars: formation, molecular
                  processes, ISM: molecules, ISM: abundances},
  year =     2004,
  month =    apr,
  volume =   417,
  pages =    {93-106},
  doi =      {10.1051/0004-6361:20034128},
  adsurl =   {http://adsabs.harvard.edu/abs/2004A%26A...417...93S},
  adsnote =  {Provided by the SAO/NASA Astrophysics Data System}
}

@ARTICLE{Sargent_etal06,
  author =   {{Sargent}, B. and {Forrest}, W.~J. and {D'Alessio},
                  P. and {Li}, A. and {Najita}, J. and {Watson},
                  D.~M. and {Calvet}, N. and {Furlan}, E. and {Green},
                  J.~D. and {Kim}, K.~H. and {Sloan}, G.~C. and
                  {Chen}, C.~H. and {Hartmann}, L. and {Houck}, J.~R.},
  title =    "{Dust Processing in Disks around T Tauri Stars}",
  journal =  {\apj},
  eprint =   {arXiv:astro-ph/0605415},
  keywords =     {Stars: Circumstellar Matter, Infrared: Stars, Stars:
                  Pre-Main-Sequence},
  year =     2006,
  month =    jul,
  volume =   645,
  pages =    {395-415},
  doi =      {10.1086/504283},
  adsurl =   {http://adsabs.harvard.edu/abs/2006ApJ...645..395S},
  adsnote =  {Provided by the SAO/NASA Astrophysics Data System}
}

@ARTICLE{Sharp_Burrows07,
  author =   {{Sharp}, C.~M. and {Burrows}, A.},
  title =    "{Atomic and Molecular Opacities for Brown Dwarf and
                  Giant Planet Atmospheres}",
  journal =  {\apjs},
  eprint =   {arXiv:astro-ph/0607211},
  keywords =     {Infrared: Stars, Stars: Atmospheres, Stars:
                  Fundamental Parameters, Stars: Low-Mass, Brown
                  Dwarfs},
  year =     2007,
  month =    jan,
  volume =   168,
  pages =    {140-166},
  doi =      {10.1086/508708},
  adsurl =   {http://adsabs.harvard.edu/abs/2007ApJS..168..140S},
  adsnote =  {Provided by the SAO/NASA Astrophysics Data System}
}

@INPROCEEDINGS{Shu91,
  author =   {{Shu}, F.~H.},
  title =    "{The Formation of Low Mass Stars: Theory}",
  booktitle =    {NATO ASIC Proc. 342: The Physics of Star Formation
                  and Early Stellar Evolution},
  year =     1991,
  editor =   {{Lada}, C.~J. and {Kylafis}, N.~D.},
  pages =    {365-+},
  adsurl =   {http://adsabs.harvard.edu/abs/1991psfe.conf..365S},
  adsnote =  {Provided by the SAO/NASA Astrophysics Data System}
}

@Book{Townes_Schawlow,
  author =   {Townes, C.~H. and Schawlow, A.~L.},
  title =    {Microwave Spectroscopy},
  publisher =    {McGraw-Hill},
  year =     1955,
  address =  {New York}
}

@ARTICLE{Turner_Sano_Dziourkevitch07,
  author =   {{Turner}, N.~J. and {Sano}, T. and {Dziourkevitch},
                  N.},
  title =    "{Turbulent Mixing and the Dead Zone in Protostellar
                  Disks}",
  journal =  {\apj},
  eprint =   {arXiv:astro-ph/0612552},
  keywords =     {Stars: Circumstellar Matter, Instabilities,
                  Magnetohydrodynamics: MHD, Solar System: Formation,
                  Stars: Formation},
  year =     2007,
  month =    apr,
  volume =   659,
  pages =    {729-737},
  doi =      {10.1086/512007},
  adsurl =   {http://adsabs.harvard.edu/abs/2007ApJ...659..729T},
  adsnote =  {Provided by the SAO/NASA Astrophysics Data System}
}

@ARTICLE{Terquem08,
  author =   {{Terquem}, C.~E.~J.~M.~L.~J.},
  title =    "{New Composite Models of Partially Ionized
                  Protoplanetary Disks}",
  journal =  {\apj},
  archivePrefix ="arXiv",
  eprint =   {0808.3897},
  keywords =     {Accretion, Accretion Disks, Stars: Planetary
                  Systems: Protoplanetary Disks, Stars:
                  Pre-Main-Sequence},
  year =     2008,
  month =    dec,
  volume =   689,
  pages =    {532-538},
  doi =      {10.1086/592597},
  adsurl =   {http://adsabs.harvard.edu/abs/2008ApJ...689..532T},
  adsnote =  {Provided by the SAO/NASA Astrophysics Data System}
}

@ARTICLE{Turner_Sano08,
  author =   {{Turner}, N.~J. and {Sano}, T.},
  title =    "{Dead Zone Accretion Flows in Protostellar Disks}",
  journal =  {\apjl},
  archivePrefix ="arXiv",
  eprint =   {0804.2916},
  keywords =     {Stars: Circumstellar Matter, Instabilities,
                  Magnetohydrodynamics: MHD, Solar System: Formation,
                  Stars: Formation},
  year =     2008,
  month =    jun,
  volume =   679,
  pages =    {L131-L134},
  doi =      {10.1086/589540},
  adsurl =   {http://adsabs.harvard.edu/abs/2008ApJ...679L.131T},
  adsnote =  {Provided by the SAO/NASA Astrophysics Data System}
}

@ARTICLE{Umebayashi_Nakano81,
  author =   {{Umebayashi}, T. and {Nakano}, T.},
  title =    "{Fluxes of Energetic Particles and the Ionization
                  Rate in Very Dense Interstellar Clouds}",
  journal =  {\pasj},
  year =     1981,
  volume =   33,
  pages =    {617-+},
  adsurl =   {http://adsabs.harvard.edu/abs/1981PASJ...33..617U},
  adsnote =  {Provided by the SAO/NASA Astrophysics Data System}
}

@ARTICLE{Umebayashi_Nakano90,
  author =   {{Umebayashi}, T. and {Nakano}, T.},
  title =    "{Magnetic flux loss from interstellar clouds}",
  journal =  {\mnras},
  keywords =     {INTERSTELLAR MATTER, MAGNETIC FLUX, MOLECULAR
                  CLOUDS, STAR FORMATION, ABUNDANCE, CHARGED
                  PARTICLES, INTERSTELLAR MAGNETIC FIELDS,
                  RECOMBINATION REACTIONS},
  year =     1990,
  month =    mar,
  volume =   243,
  pages =    {103-113},
  adsurl =   {http://adsabs.harvard.edu/abs/1990MNRAS.243..103U},
  adsnote =  {Provided by the SAO/NASA Astrophysics Data System}
}

@ARTICLE{vanBoekel_etal03,
   author = {{van Boekel}, R. and {Waters}, L.~B.~F.~M. and {Dominik}, C. and
    {Bouwman}, J. and {de Koter}, A. and {Dullemond}, C.~P. and
    {Paresce}, F.},
    title = "{Grain growth in the inner regions of Herbig Ae/Be star disks}",
  journal = {\aap},
 keywords = {stars: circumstellar matter, stars: pre-main-sequence, infrared: ISM: lines and bands},
     year = 2003,
    month = mar,
   volume = 400,
    pages = {L21-L24},
      doi = {10.1051/0004-6361:20030141},
   adsurl = {http://adsabs.harvard.edu/abs/2003A%26A...400L..21V},
  adsnote = {Provided by the SAO/NASA Astrophysics Data System}
}

@ARTICLE{Vasyunin_etal08,
   author = {{Vasyunin}, A.~I. and {Semenov}, D. and {Henning}, T. and {Wakelam}, V. and
    {Herbst}, E. and {Sobolev}, A.~M.},
    title = "{Chemistry in Protoplanetary Disks: A Sensitivity Analysis}",
  journal = {\apj},
archivePrefix = "arXiv",
   eprint = {0709.3323},
 keywords = {Accretion, Accretion Disks, Astrochemistry, Methods: Statistical, Molecular Processes, Stars: Planetary Systems: Protoplanetary Disks},
     year = 2008,
    month = jan,
   volume = 672,
    pages = {629-641},
      doi = {10.1086/523887},
   adsurl = {http://adsabs.harvard.edu/abs/2008ApJ...672..629V},
  adsnote = {Provided by the SAO/NASA Astrophysics Data System}
}

@ARTICLE{Wardle99,
  author =   {{Wardle}, M.},
  title =    "{The Balbus-Hawley instability in weakly ionized
                  discs}",
  journal =  {\mnras},
  eprint =   {arXiv:astro-ph/9809349},
  year =     1999,
  month =    aug,
  volume =   307,
  pages =    {849-856},
  adsurl =   {http://adsabs.harvard.edu/abs/1999MNRAS.307..849W},
  adsnote =  {Provided by the SAO/NASA Astrophysics Data System}
}

@ARTICLE{Wardle07,
  author =   {{Wardle}, M.},
  title =    "{Magnetic fields in protoplanetary disks}",
  journal =  {\apss},
  eprint =   {arXiv:0704.0970},
  keywords =     {Accretion, accretion disks, MHD, Molecular
                  processes, Stars: formation},
  year =     2007,
  month =    oct,
  volume =   311,
  pages =    {35-45},
  doi =      {10.1007/s10509-007-9575-8},
  adsurl =   {http://adsabs.harvard.edu/abs/2007Ap%26SS.311...35W},
  adsnote =  {Provided by the SAO/NASA Astrophysics Data System}
}

@ARTICLE{Wardle_Koenigl93,
  author =   {{Wardle}, M. and {Koenigl}, A.},
  title =    "{The structure of protostellar accretion disks and
                  the origin of bipolar flows}",
  journal =  {\apj},
  keywords =     {ACCRETION DISKS, MOLECULAR FLOW, PROTOSTARS, STELLAR
                  MAGNETIC FIELDS, ASTRONOMICAL MODELS, COMPUTATIONAL
                  ASTROPHYSICS, DIFFERENTIAL EQUATIONS,
                  MAGNETOHYDRODYNAMICS},
  year =     1993,
  month =    jun,
  volume =   410,
  pages =    {218-238},
  doi =      {10.1086/172739},
  adsurl =   {http://adsabs.harvard.edu/abs/1993ApJ...410..218W},
  adsnote =  {Provided by the SAO/NASA Astrophysics Data System}
}

@ARTICLE{Watson_Stapelfeldt04,
  author =   {{Watson}, A.~M. and {Stapelfeldt}, K.~R.},
  title =    "{The Visible and Near-Infrared Dust Opacity Law in
                  the HH 30 Circumstellar Disk}",
  journal =  {\apj},
  keywords =     {Stars: Circumstellar Matter, Stars: Planetary
                  Systems: Protoplanetary Disks, Stars: Individual:
                  Alphanumeric: HH 30, Stars: Pre-Main-Sequence},
  year =     2004,
  month =    feb,
  volume =   602,
  pages =    {860-874},
  doi =      {10.1086/381142},
  adsurl =   {http://adsabs.harvard.edu/abs/2004ApJ...602..860W},
  adsnote =  {Provided by the SAO/NASA Astrophysics Data System}
}

@ARTICLE{Woitke+etal2009,
  author =	 {{Woitke}, P. and {Kamp}, I. and {Thi}, W.-F.},
  title =	 "{Radiation thermo-chemical models of protoplanetary
                  disks. I. Hydrostatic disk structure and inner rim}",
  journal =	 {\aap},
  archivePrefix ="arXiv",
  eprint =	 {0904.0334},
  primaryClass = "astro-ph.EP",
  keywords =	 {astrochemistry, radiative transfer, methods: numerical, stars:
                  formation, stars: circumstellar matter},
  year =	 2009,
  month =	 jul,
  volume =	 501,
  pages =	 {383-406},
  doi =		 {10.1051/0004-6361/200911821},
  adsurl =	 {http://adsabs.harvard.edu/abs/2009A%26A...501..383W},
  adsnote =	 {Provided by the SAO/NASA Astrophysics Data System}
}
                  
@ARTICLE{Woitke+Riaz+Duchene2011,
  author =	 {{Woitke}, P. and {Riaz}, B. and {Duch{\^e}ne}, G. and {Pascucci}, I. and
                  {Lyo}, A.-R. and {Dent}, W.~R.~F. and {Phillips}, N. and {Thi},
                  W.-F. and {M{\'e}nard}, F. and {Herczeg}, G.~J. and {Bergin}, E. and
                  {Brown}, A. and {Mora}, A. and {Kamp}, I. and {Aresu}, G. and
                  {Brittain}, S. and {de Gregorio-Monsalvo}, I. and {Sandell}, G.},
  title =	 "{The unusual protoplanetary disk around the T Tauri star ET
                  Chamaeleontis}",
  journal =	 {\aap},
  archivePrefix ="arXiv",
  eprint =	 {1103.5309},
  primaryClass = "astro-ph.EP",
  keywords =	 {stars: pre-main sequence, protoplanetary disks, astrochemistry,
                  radiative transfer, line: formation, stars: individual: ET Cha},
  year =	 2011,
  month =	 oct,
  volume =	 534,
  eid =		 {A44},
  pages =	 {A44},
  doi =		 {10.1051/0004-6361/201116684},
  adsurl =	 {http://adsabs.harvard.edu/abs/2011A%26A...534A..44W},
  adsnote =	 {Provided by the SAO/NASA Astrophysics Data System}
}
                  
@ARTICLE{Woodall_etal07,
  author =   {{Woodall}, J. and {Ag{\'u}ndez}, M. and
                  {Markwick-Kemper}, A.~J. and {Millar}, T.~J.},
  title =    "{The UMIST database for astrochemistry 2006}",
  journal =  {\aap},
  keywords =     {molecular data, molecular processes, ISM: molecules,
                  astrochemistry},
  year =     2007,
  month =    may,
  volume =   466,
  pages =    {1197-1204},
  doi =      {10.1051/0004-6361:20064981},
  adsurl =   {http://adsabs.harvard.edu/abs/2007A%26A...466.1197W},
  adsnote =  {Provided by the SAO/NASA Astrophysics Data System}
}
